<?xml version="1.0" encoding="UTF-8"?><record xmlns="http://www.loc.gov/MARC21/slim" xmlns:cinclude="http://apache.org/cocoon/include/1.0" xmlns:zs="http://www.loc.gov/zing/srw/">
  <leader>00377cz  a2200133n  4500</leader>
  <controlfield tag="001">n 2015036553</controlfield>
  <controlfield tag="003">DLC</controlfield>
  <controlfield tag="005">20150629114310.0</controlfield>
  <controlfield tag="008">150609n| azannaabn          |n aaa      </controlfield>
  <datafield tag="010" ind1=" " ind2=" ">
    <subfield code="a">n 2015036553</subfield>
  </datafield>
  <datafield tag="040" ind1=" " ind2=" ">
    <subfield code="a">DLC</subfield>
    <subfield code="b">eng</subfield>
    <subfield code="e">rda</subfield>
    <subfield code="c">DLC</subfield>
    <subfield code="d">DLC</subfield>
  </datafield>
  <datafield tag="100" ind1="1" ind2=" ">
    <subfield code="a">Bucht, Gunnar,</subfield>
    <subfield code="d">1927-</subfield>
    <subfield code="t">En vaĚr gick jag ut i vaĚrlden.</subfield>
    <subfield code="k">Selections</subfield>
  </datafield>
  <datafield tag="381" ind1=" " ind2=" ">
    <subfield code="a">Selections</subfield>
  </datafield>
  <datafield tag="670" ind1=" " ind2=" ">
    <subfield code="a">Bucht, G. Georgica [SR] p1997.</subfield>
  </datafield>
</record>